@article{deep_scattering,
  author    = {Kallweit, Simon and M\"{u}ller, Thomas and Mcwilliams, Brian and Gross, Markus and Nov\'{a}k, Jan},
  title     = {Deep Scattering: Rendering Atmospheric Clouds with Radiance-Predicting Neural Networks},
  year      = {2017},
  issue_date = {November 2017},
  publisher = {Association for Computing Machinery},
  address   = {New York, NY, USA},
  volume    = {36},
  number    = {6},
  issn      = {0730-0301},
  url       = {https://doi.org/10.1145/3130800.3130880},
  doi       = {10.1145/3130800.3130880},
  journal   = {ACM Trans. Graph.},
  month     = nov,
  articleno = {Article 231},
  numpages  = {11},
  keywords  = {deep learning, clouds, participating media, machine learning, Monte Carlo rendering, phase functions}
}
@article{markovian,
  author    = {Chuan Li and
               Michael Wand},
  title     = {Precomputed Real-Time Texture Synthesis with Markovian Generative
               Adversarial Networks},
  journal   = {CoRR},
  volume    = {abs/1604.04382},
  year      = {2016},
  url       = {http://arxiv.org/abs/1604.04382},
  archivePrefix = {arXiv},
  eprint    = {1604.04382},
  timestamp = {Wed, 16 Oct 2019 17:21:01 +0200},
  biburl    = {https://dblp.org/rec/journals/corr/LiW16b.bib},
  bibsource = {dblp computer science bibliography, https://dblp.org}
}
@article{path_tracing,
  author    = {Koskela, Matias and Immonen, Kalle and M\"{a}kitalo, Markku and Foi, Alessandro and Viitanen, Timo and J\"{a}\"{a}skel\"{a}inen, Pekka and Kultala, Heikki and Takala, Jarmo},
  title     = {Blockwise Multi-Order Feature Regression for Real-Time Path-Tracing Reconstruction},
  year      = {2019},
  issue_date = {November 2019},
  publisher = {Association for Computing Machinery},
  address   = {New York, NY, USA},
  volume    = {38},
  number    = {5},
  issn      = {0730-0301},
  url       = {https://doi.org/10.1145/3269978},
  doi       = {10.1145/3269978},
  journal   = {ACM Trans. Graph.},
  month     = jun,
  articleno = {Article 138},
  numpages  = {14},
  keywords  = {real-time, reconstruction, regression, Path tracing}
}
@article{pix2pix,
  title     = {Image-to-Image Translation with Conditional Adversarial Networks},
  author    = {Phillip Isola and Jun-Yan Zhu and Tinghui Zhou and Alexei A. Efros},
  journal   = {2017 IEEE Conference on Computer Vision and Pattern Recognition (CVPR)},
  year      = {2016},
  pages     = {5967-5976}
}
@article{multiplane,
  author    = {Zhou, Tinghui and Tucker, Richard and Flynn, John and Fyffe, Graham and Snavely, Noah},
  title     = {Stereo Magnification: Learning View Synthesis Using Multiplane Images},
  year      = {2018},
  issue_date = {August 2018},
  publisher = {Association for Computing Machinery},
  address   = {New York, NY, USA},
  volume    = {37},
  number    = {4},
  issn      = {0730-0301},
  url       = {https://doi.org/10.1145/3197517.3201323},
  doi       = {10.1145/3197517.3201323},
  journal   = {ACM Trans. Graph.},
  month     = jul,
  articleno = {Article 65},
  numpages  = {12},
  keywords  = {view extrapolation, deep learning}
}

@incollection{inverse_graphics_net,
  title     = {Deep Convolutional Inverse Graphics Network},
  author    = {Kulkarni, Tejas D and Whitney, William F. and Kohli, Pushmeet and Tenenbaum, Josh},
  booktitle = {Advances in Neural Information Processing Systems 28},
  editor    = {C. Cortes and N. D. Lawrence and D. D. Lee and M. Sugiyama and R. Garnett},
  pages     = {2539--2547},
  year      = {2015},
  publisher = {Curran Associates, Inc.},
  url       = {http://papers.nips.cc/paper/5851-deep-convolutional-inverse-graphics-network.pdf}
}
@incollection{leica,
  title     = {Learn, Imagine and Create: Text-to-Image Generation from Prior Knowledge},
  author    = {Qiao, Tingting and Zhang, Jing and Xu, Duanqing and Tao, Dacheng},
  booktitle = {Advances in Neural Information Processing Systems 32},
  editor    = {H. Wallach and H. Larochelle and A. Beygelzimer and F. Alche-Buc and E. Fox and R. Garnett},
  pages     = {887--897},
  year      = {2019},
  publisher = {Curran Associates, Inc.},
  url       = {http://papers.nips.cc/paper/8375-learn-imagine-and-create-to-image-generation-from-prior-knowledge.pdf}
}

@inproceedings{frame_prediction,
  title     = {Geometry-based next frame prediction from monocular video},
  author    = {Mahjourian, Reza and Wicke, Martin and Angelova, Anelia},
  booktitle = {Intelligent Vehicles Symposium (IV), 2017 IEEE},
  pages     = {1700--1707},
  year      = {2017},
  organization = {IEEE}
}
@inproceedings{multi_view,
  author    = {Zhao, Bo and Wu, Xiao and Cheng, Zhi-Qi and Liu, Hao and Jie, Zequn and Feng, Jiashi},
  title     = {Multi-View Image Generation from a Single-View},
  year      = {2018},
isbn        = {9781450356657},
  publisher = {Association for Computing Machinery},
  address   = {New York, NY, USA},
  url       = {https://doi.org/10.1145/3240508.3240536},
  doi       = {10.1145/3240508.3240536},
  booktitle = {Proceedings of the 26th ACM International Conference on Multimedia},
  pages     = {383–391},
  numpages  = {9},
  keywords  = {image generation, deep learning, generative adversarial networks},
  location  = {Seoul, Republic of Korea},
  series    = {MM ’18}
}
@inproceedings{pg2,
  author    = {Ma, Liqian and Jia, Xu and Sun, Qianru and Schiele, Bernt and Tuytelaars, Tinne and Van Gool, Luc},
  title     = {Pose Guided Person Image Generation},
  booktitle = {Proceedings of the 31st International Conference on Neural Information Processing Systems},
  series    = {NIPS'17},
  year      = {2017},
  isbn      = {978-1-5108-6096-4},
  location  = {Long Beach, California, USA},
  pages     = {405--415},
  numpages  = {11},
  url       = {http://dl.acm.org/citation.cfm?id=3294771.3294810},
  acmid     = {3294810},
  publisher = {Curran Associates Inc.},
  address   = {USA},
}
@inproceedings{point_capsule,
  author    = {Zhao, Yongheng and Birdal, Tolga and Deng, Haowen and Tombari, Federico},
  title     = {3D Point Capsule Networks},
  booktitle = {The IEEE Conference on Computer Vision and Pattern Recognition (CVPR)},
  month     = {June},
  year      = {2019}
}
@inproceedings{unsupervised_representational,
  author    = {Alec Radford and
               Luke Metz and
               Soumith Chintala},
  title     = {Unsupervised Representation Learning with Deep Convolutional Generative
               Adversarial Networks},
  booktitle = {4th International Conference on Learning Representations, {ICLR} 2016,
               San Juan, Puerto Rico, May 2-4, 2016, Conference Track Proceedings},
  year      = {2016},
  crossref  = {DBLP:conf/iclr/2016},
  url       = {http://arxiv.org/abs/1511.06434},
  timestamp = {Thu, 25 Jul 2019 14:25:38 +0200},
  biburl    = {https://dblp.org/rec/journals/corr/RadfordMC15.bib},
  bibsource = {dblp computer science bibliography, https://dblp.org}
}