@article{3D_capsule_networks,
  author    = {Yongheng Zhao and
               Tolga Birdal and
               Haowen Deng and
               Federico Tombari},
  title     = {3D Point-Capsule Networks},
  journal   = {CoRR},
  volume    = {abs/1812.10775},
  year      = {2018},
  url       = {http://arxiv.org/abs/1812.10775},
  archivePrefix = {arXiv},
  eprint    = {1812.10775},
  timestamp = {Wed, 02 Jan 2019 14:40:18 +0100},
  biburl    = {https://dblp.org/rec/bib/journals/corr/abs-1812-10775},
  bibsource = {dblp computer science bibliography, https://dblp.org}
}
@article{combining_multiple_cnn,
  title     = {Combining multiple sources of knowledge in deep CNNs for action recognition},
  author    = {Eunbyung Park and Xufeng Han and Tamara L. Berg and Alexander C. Berg},
  journal   = {2016 IEEE Winter Conference on Applications of Computer Vision (WACV)},
  year      = {2016},
  pages     = {1-8}
}
@article{conditional_image_generation,
  author    = {Aaron Oord and
               Nal Kalchbrenner and
               Oriol Vinyals and
               Lasse Espeholt and
               Alex Graves and
               Koray Kavukcuoglu},
  title     = {Conditional Image Generation with PixelCNN Decoders},
  journal   = {CoRR},
  volume    = {abs/1606.05328},
  year      = {2016},
  url       = {http://arxiv.org/abs/1606.05328},
  archivePrefix = {arXiv},
  eprint    = {1606.05328},
  timestamp = {Mon, 13 Aug 2018 16:46:40 +0200},
  biburl    = {https://dblp.org/rec/bib/journals/corr/OordKVEGK16},
  bibsource = {dblp computer science bibliography, https://dblp.org}
}
@article{deep_video_prediction,
  author    = {Michael Mathieu and Camille Couprie and Yann LeCun},
  title     = {Deep Multi-Scale Video Prediction Beyond Mean Square Error},
  journal   = {ICLR},
  year      = {2014},
  url       = {https://arxiv.org/abs/1511.05440},
  archivePrefix = {arXiv},
}
@article{dynamic_routing_capsules,
  author    = {Sara Sabour and
               Nicholas Frosst and
               Geoffrey E. Hinton},
  title     = {Dynamic Routing Between Capsules},
  journal   = {CoRR},
  volume    = {abs/1710.09829},
  year      = {2017},
  url       = {http://arxiv.org/abs/1710.09829},
  archivePrefix = {arXiv},
  eprint    = {1710.09829},
  timestamp = {Mon, 13 Aug 2018 16:47:11 +0200},
  biburl    = {https://dblp.org/rec/bib/journals/corr/abs-1710-09829},
  bibsource = {dblp computer science bibliography, https://dblp.org}
}
@article{fusionnet,
  author    = {Tran Minh Quan and
               David G. C. Hildebrand and
               Won{-}Ki Jeong},
  title     = {FusionNet: A deep fully residual convolutional neural network for
               image segmentation in connectomics},
  journal   = {CoRR},
  volume    = {abs/1612.05360},
  year      = {2016},
  url       = {http://arxiv.org/abs/1612.05360},
  archivePrefix = {arXiv},
  eprint    = {1612.05360},
  timestamp = {Mon, 13 Aug 2018 16:46:57 +0200},
  biburl    = {https://dblp.org/rec/bib/journals/corr/QuanHJ16},
  bibsource = {dblp computer science bibliography, https://dblp.org}
}
@article{image_to_image,
  author    = {Phillip Isola and
               Jun-Yan Zhu and
               Tinghui Zhou and
               Alexei A. Efros},
  title     = {Image-to-Image Translation with Conditional Adversarial Networks},
  journal   = {CoRR},
  volume    = {abs/1611.07004},
  year      = {2016},
  url       = {http://arxiv.org/abs/1611.07004},
  archivePrefix = {arXiv},
  eprint    = {1611.07004},
  timestamp = {Mon, 13 Aug 2018 16:49:05 +0200},
  biburl    = {https://dblp.org/rec/bib/journals/corr/IsolaZZE16},
  bibsource = {dblp computer science bibliography, https://dblp.org}
}
@article{next_frame_prediction,
  author    = {Reza Mahjourian and
               Martin Wicke and
               Anelia Angelova},
  title     = {Geometry-Based Next Frame Prediction from Monocular Video},
  journal   = {CoRR},
  volume    = {abs/1609.06377},
  year      = {2016},
  url       = {http://arxiv.org/abs/1609.06377},
  archivePrefix = {arXiv},
  eprint    = {1609.06377},
  timestamp = {Mon, 13 Aug 2018 16:46:43 +0200},
  biburl    = {https://dblp.org/rec/bib/journals/corr/MahjourianWA16},
  bibsource = {dblp computer science bibliography, https://dblp.org}
}
@article{parallel_density,
  author    = {Scott E. Reed and
               A{\"{a}}ron van den Oord and
               Nal Kalchbrenner and
               Sergio Gomez Colmenarejo and
               Ziyu Wang and
               Dan Belov and
               Nando de Freitas},
  title     = {Parallel Multiscale Autoregressive Density Estimation},
  journal   = {CoRR},
  volume    = {abs/1703.03664},
  year      = {2017},
  url       = {http://arxiv.org/abs/1703.03664},
  archivePrefix = {arXiv},
  eprint    = {1703.03664},
  timestamp = {Mon, 13 Aug 2018 16:49:00 +0200},
  biburl    = {https://dblp.org/rec/bib/journals/corr/ReedOKCWBF17},
  bibsource = {dblp computer science bibliography, https://dblp.org}
}
@article{pixelcnn++,
  author    = {Tim Salimans and
               Andrej Karpathy and
               Xi Chen and
               Diederik P. Kingma},
  title     = {PixelCNN++: Improving the PixelCNN with Discretized Logistic Mixture Likelihood and Other Modifications},
  journal   = {CoRR},
  volume    = {abs/1701.05517},
  year      = {2017},
  url       = {http://arxiv.org/abs/1701.05517},
  archivePrefix = {arXiv},
  eprint    = {1701.05517},
  timestamp = {Sun, 16 Sep 2018 14:17:04 +0200},
  biburl    = {https://dblp.org/rec/bib/journals/corr/SalimansKCK17},
  bibsource = {dblp computer science bibliography, https://dblp.org}
}
@article{pixel_recurrent,
  author    = {A{\"{a}}ron van den Oord and
               Nal Kalchbrenner and
               Koray Kavukcuoglu},
  title     = {Pixel Recurrent Neural Networks},
  journal   = {CoRR},
  volume    = {abs/1601.06759},
  year      = {2016},
  url       = {http://arxiv.org/abs/1601.06759},
  archivePrefix = {arXiv},
  eprint    = {1601.06759},
  timestamp = {Mon, 13 Aug 2018 16:46:29 +0200},
  biburl    = {https://dblp.org/rec/bib/journals/corr/OordKK16},
  bibsource = {dblp computer science bibliography, https://dblp.org}
}
@article{pixel_snail,
  author    = {Xi Chen and
               Nikhil Mishra and
               Mostafa Rohaninejad and
               Pieter Abbeel},
  title     = {PixelSNAIL: An Improved Autoregressive Generative Model},
  journal   = {CoRR},
  volume    = {abs/1712.09763},
  year      = {2017},
  url       = {http://arxiv.org/abs/1712.09763},
  archivePrefix = {arXiv},
  eprint    = {1712.09763},
  timestamp = {Mon, 03 Sep 2018 12:15:29 +0200},
  biburl    = {https://dblp.org/rec/bib/journals/corr/abs-1712-09763},
  bibsource = {dblp computer science bibliography, https://dblp.org}
}
@article{pixel_subscale,
  author    = {Jacob Menick and
               Nal Kalchbrenner},
  title     = {Generating High Fidelity Images with Subscale Pixel Networks and Multidimensional
               Upscaling},
  journal   = {CoRR},
  volume    = {abs/1812.01608},
  year      = {2018},
  url       = {http://arxiv.org/abs/1812.01608},
  archivePrefix = {arXiv},
  eprint    = {1812.01608},
  timestamp = {Tue, 01 Jan 2019 15:01:25 +0100},
  biburl    = {https://dblp.org/rec/bib/journals/corr/abs-1812-01608},
  bibsource = {dblp computer science bibliography, https://dblp.org}
}
@article{pose_cnn,
  author    = {Yu Xiang and
               Tanner Schmidt and
               Venkatraman Narayanan and
               Dieter Fox},
  title     = {PoseCNN: {A} Convolutional Neural Network for 6D Object Pose Estimation
               in Cluttered Scenes},
  journal   = {CoRR},
  volume    = {abs/1711.00199},
  year      = {2017},
  url       = {http://arxiv.org/abs/1711.00199},
  archivePrefix = {arXiv},
  eprint    = {1711.00199},
  timestamp = {Mon, 13 Aug 2018 16:48:59 +0200},
  biburl    = {https://dblp.org/rec/bib/journals/corr/abs-1711-00199},
  bibsource = {dblp computer science bibliography, https://dblp.org}
}
@article{show_and_tell,
  author    = {Oriol Vinyals and
               Alexander Toshev and
               Samy Bengio and
               Dumitru Erhan},
  title     = {Show and Tell: {A} Neural Image Caption Generator},
  journal   = {CoRR},
  volume    = {abs/1411.4555},
  year      = {2014},
  url       = {http://arxiv.org/abs/1411.4555},
  archivePrefix = {arXiv},
  eprint    = {1411.4555},
  timestamp = {Mon, 13 Aug 2018 16:47:52 +0200},
  biburl    = {https://dblp.org/rec/bib/journals/corr/VinyalsTBE14},
  bibsource = {dblp computer science bibliography, https://dblp.org}
}
@article{unsupervised_learning,
  author    = {Alec Radford and Luke Metz and Soumith Chintala},
  title     = {Unsupervised Representation Learning with Deep Convolutional Generative Adversarial Networks},
  journal   = {ICLR},
  year      = {2016},
  url       = {https://arxiv.org/abs/1511.06434},
  archivePrefix = {arXiv},
}

@inproceedings{generative_adversarial_networks,
  author    = {Goodfellow, Ian J. and Pouget-Abadie, Jean and Mirza, Mehdi and Xu, Bing and Warde-Farley, David and Ozair, Sherjil and Courville, Aaron and Bengio, Yoshua},
  title     = {Generative Adversarial Nets},
  booktitle = {Proceedings of the 27th International Conference on Neural Information Processing Systems - Volume 2},
  series    = {NIPS'14},
  year      = {2014},
  location  = {Montreal, Canada},
  pages     = {2672--2680},
  numpages  = {9},
  url       = {http://dl.acm.org/citation.cfm?id=2969033.2969125},
  acmid     = {2969125},
  publisher = {MIT Press},
  address   = {Cambridge, MA, USA},
}
@article{generative_transformers,
  author    = {Rewon Child and
               Scott Gray and
               Alec Radford and
               Ilya Sutskever},
  title     = {Generating Long Sequences with Sparse Transformers},
  journal   = {CoRR},
  volume    = {abs/1904.10509},
  year      = {2019},
  url       = {http://arxiv.org/abs/1904.10509},
  archivePrefix = {arXiv},
  eprint    = {1904.10509},
  timestamp = {Thu, 02 May 2019 15:13:44 +0200},
  biburl    = {https://dblp.org/rec/bib/journals/corr/abs-1904-10509},
  bibsource = {dblp computer science bibliography, https://dblp.org}
}
@inproceedings{pose_guided_image_generation,
  author    = {Ma, Liqian and Jia, Xu and Sun, Qianru and Schiele, Bernt and Tuytelaars, Tinne and Van Gool, Luc},
  title     = {Pose Guided Person Image Generation},
  booktitle = {Proceedings of the 31st International Conference on Neural Information Processing Systems},
  series    = {NIPS'17},
  year      = {2017},
  isbn      = {978-1-5108-6096-4},
  location  = {Long Beach, California, USA},
  pages     = {405--415},
  numpages  = {11},
  url       = {http://dl.acm.org/citation.cfm?id=3294771.3294810},
  acmid     = {3294810},
  publisher = {Curran Associates Inc.},
  address   = {USA},
}
@inproceedings{spatiotemporal,
 author = {Schied, Christoph and Kaplanyan, Anton and Wyman, Chris and Patney, Anjul and Chaitanya, Chakravarty R. Alla and Burgess, John and Liu, Shiqiu and Dachsbacher, Carsten and Lefohn, Aaron and Salvi, Marco},
 title = {Spatiotemporal Variance-guided Filtering: Real-time Reconstruction for Path-traced Global Illumination},
 booktitle = {Proceedings of High Performance Graphics},
 series = {HPG '17},
 year = {2017},
 isbn = {978-1-4503-5101-0},
 location = {Los Angeles, California},
 pages = {2:1--2:12},
 articleno = {2},
 numpages = {12},
 url = {http://doi.acm.org/10.1145/3105762.3105770},
 doi = {10.1145/3105762.3105770},
 acmid = {3105770},
 publisher = {ACM},
 address = {New York, NY, USA},
 keywords = {global illumination, real-time rendering, reconstruction},
}
@inproceedings{transforming_auto_encoders,
  author    = {Hinton, Geoffrey E. and Krizhevsky, Alex and Wang, Sida D.},
  title     = {Transforming Auto-encoders},
  booktitle = {Proceedings of the 21th International Conference on Artificial Neural Networks - Volume Part I},
  series    = {ICANN'11},
  year      = {2011},
  isbn      = {978-3-642-21734-0},
  location  = {Espoo, Finland},
  pages     = {44--51},
  numpages  = {8},
  url       = {http://dl.acm.org/citation.cfm?id=2029556.2029562},
  acmid     = {2029562},
  publisher = {Springer-Verlag},
  address   = {Berlin, Heidelberg},
  keywords  = {auto-encoder, invariance, shape representation},
}

@misc{dcgan_example,
  author    = {Pytorch},
  title     = {Deep Convolution Generative Adversarial Networks (Pytorch Wiki)},
  year      = {2019},
  publisher = {Pytorch},
  journal   = {Pytorch Wiki},
  howpublished = {\url{https://pytorch.org/tutorials/beginner/dcgan_faces_tutorial.html}},
}
@misc{dcgan_git,
  author    = {Pytorch(Git)},
  title     = {Deep Convolution Generative Adversarial Networks (GitHub Repository)},
  year      = {2019},
  publisher = {GitHub},
  journal   = {GitHub Repository},
  howpublished = {\url{https://github.com/pytorch/examples/tree/master/dcgan}},
}
@misc{pix2pix_git,
  author    = {Phillip Isola and
               Jun-Yan Zhu and
               Tinghui Zhou and
               Alexei A. Efros},
  title     = {Pix2Pix (GitHub Repository)},
  year      = {2019},
  publisher = {GitHub},
  journal   = {GitHub Repository},
  howpublished = {\url{https://github.com/phillipi/pix2pix}},
}
@misc{pixelcnn++_git,
  author    = {Tim Salimans and
               Andrej Karpathy and
               Xi Chen and
               Diederik P. Kingma},
  title     = {PixelCNN++ (GitHub Repository)},
  booktitle = {ICLR},
  year      = {2017},
  journal   = {GitHub Repository},
  howpublished = {\url{https://github.com/openai/pixel-cnn}},
}
@misc{sparse_attention_git,
  author    = {Rewon Child and
               Scott Gray and
               Alec Radford and
               Ilya Sutskever},
  title     = {Sparse Attention (GitHub Repository)},
  booktitle = {CoRR},
  year      = {2019},
  journal   = {GitHub Repository},
  howpublished = {\url{https://github.com/openai/sparse_attention}},
}
