@book{ray_marching,
 author = {Apodaca, Anthony A. and Gritz, Larry},
 editor = {Barsky, Brian A.},
 title = {Advanced RenderMan: Creating CGI for Motion Picture},
 year = {1999},
 isbn = {1558606181},
 edition = {1st},
 publisher = {Morgan Kaufmann Publishers Inc.},
 address = {San Francisco, CA, USA},
} 

@misc{animation,
  title     = {CS5800 Demo 1},
  author    = {Mark Wesley Harris},
  year      = {2019},
  journal   = {YouTube},
  howpublished = {\url{https://www.youtube.com/watch?v=UmGhuq\_Zpr4}},
}
@misc{renderman,
  title     = {RenderMan 21: Quickstart},
  author    = {Pixar'sRenderMan},
  year      = {2019},
  journal   = {Vimeo},
  howpublished = {\url{https://vimeo.com/groups/287016/videos/205332087}},
}
@misc{renderman_docs,
  title     = {RenderMan 20 Documentation},
  author    = {Pixar},
  year      = {2019},
  journal   = {RenderMan Documentation},
  howpublished = {\url{https://renderman.pixar.com/resources/RenderMan\_20/home.html}},
}
@misc{rigging,
  title     = {Intro to Rigging in Maya 2019},
  author    = {AcademicPhoenixPlus},
  year      = {2019},
  journal   = {YouTube},
  howpublished = {\url{https://www.youtube.com/watch?v=1wvdQy2Fdhw}},
}
@misc{shading,
  title     = {Shader Writing},
  author    = {Christos Obretenov},
  year      = {2019},
  journal   = {RenderMan Documentation},
  howpublished = {\url{https://renderman.pixar.com/shader-writing}},
}
