@misc{animation,
  title     = {CS5800 Demo 1},
  author    = {Mark Wesley Harris},
  year      = {2019},
  journal   = {YouTube},
  howpublished = {\url{https://www.youtube.com/watch?v=UmGhuq\_Zpr4}},
}
@misc{renderman,
  title     = {RenderMan 21: Quickstart},
  author    = {Pixar'sRenderMan},
  year      = {2019},
  journal   = {Vimeo},
  howpublished = {\url{https://vimeo.com/groups/287016/videos/205332087}},
}
@misc{rigging,
  title     = {Intro to Rigging in Maya 2019},
  author    = {AcademicPhoenixPlus},
  year      = {2019},
  journal   = {YouTube},
  howpublished = {\url{https://www.youtube.com/watch?v=1wvdQy2Fdhw}},
}
