@article{arnold,
  author = {Georgiev, Iliyan and Ize, Thiago and Farnsworth, Mike and Montoya-Vozmediano, Ram\'{o}n and King, Alan and Lommel, Brecht Van and Jimenez, Angel and Anson, Oscar and Ogaki, Shinji and Johnston, Eric and Herubel, Adrien and Russell, Declan and Servant, Fr{\'e}d{\'e}ric and Fajardo, Marcos},
  title = {Arnold: A Brute-Force Production Path Tracer},
  journal = {ACM Trans. Graph.},
  issue_date = {August 2018},
  volume = {37},
  number = {3},
  month = aug,
  year = {2018},
  issn = {0730-0301},
  pages = {32:1--32:12},
  articleno = {32},
  numpages = {12},
  url = {http://doi.acm.org/10.1145/3182160},
  doi = {10.1145/3182160},
  acmid = {3182160},
  publisher = {ACM},
  address = {New York, NY, USA},
  keywords = {Monte Carlo, Rendering systems, global illumination, path tracing, production rendering, ray tracing},
} 
@article{renderman,
  author    = {Christensen, Per and Fong, Julian and Shade, Jonathan and Wooten, Wayne and Schubert, Brenden and Kensler, Andrew and Friedman, Stephen and Kilpatrick, Charlie and Ramshaw, Cliff and Bannister, Marc and Rayner, Brenton and Brouillat, Jonathan and Liani, Max},
  title     = {RenderMan: An Advanced Path-Tracing Architecture for Movie Rendering},
  journal   = {ACM Trans. Graph.},
  issue_date = {August 2018},
  volume    = {37},
  number    = {3},
  month     = aug,
  year      = {2018},
  issn      = {0730-0301},
  pages     = {30:1--30:21},
  articleno = {30},
  numpages  = {21},
  url       = {http://doi.acm.org/10.1145/3182162},
  doi       = {10.1145/3182162},
  acmid     = {3182162},
  publisher = {ACM},
  address   = {New York, NY, USA},
  keywords  = {Pixar, RenderMan, complex scenes, computer-generated images, global illumination, path tracing, production rendering, ray tracing, visual effects},
}

@inproceedings{backwards_raytrace,
  author    = {James Arvo},
  title     = {Backward Ray Tracing},
  booktitle = {In ACM SIGGRAPH '86 Course Notes - Developments in Ray Tracing},
  year      = {1986},
  pages     = {259--263}
}
@inproceedings{pose_guided_image_generation,
  author    = {Ma, Liqian and Jia, Xu and Sun, Qianru and Schiele, Bernt and Tuytelaars, Tinne and Van Gool, Luc},
  title     = {Pose Guided Person Image Generation},
  booktitle = {Proceedings of the 31st International Conference on Neural Information Processing Systems},
  series    = {NIPS'17},
  year      = {2017},
  isbn      = {978-1-5108-6096-4},
  location  = {Long Beach, California, USA},
  pages     = {405--415},
  numpages  = {11},
  url       = {http://dl.acm.org/citation.cfm?id=3294771.3294810},
  acmid     = {3294810},
  publisher = {Curran Associates Inc.},
  address   = {USA},
}

@misc{renderman_docs,
  author    = {Pixar},
  title     = {Welcome To Renderman},
  journal   = {RenderMan Documentation},
  year      = {2019},
  howpublished = {\url{https://renderman.pixar.com/resources/R-enderMan\_20/rmsWelcome.html}},
}
@misc{renderman_opengl,
  author    = {Ralph A. DeStefano},
  title     = {OpenGL and RenderMan},
  year      = {1998},
  howpublished = {\url{https://www.evl.uic.edu/ralph/508S98/contents.html}},
}
@misc{raytrace_walkthrough,
  author    = {Scratch A Pixel},
  title     = {An Overview of the Ray-Tracing Rendering Technique},
  journal   = {Scratchapixel 2.0},
  year      = {2016},
  howpublished = {\url{https://www.scratchapixel.com/lessons/3d-basic-rendering/ray-tracing-overview}},
}
@misc{thesis_harris,
  author    = {Harris, Mark Wesley},
  title     = {Dynamic Frame Generation Using Machine Learning and Scene Data},
  journal   = {UCCS},
  year      = {2018},
  howpublished = {\url{https://github.com/pixarninja/dynamic\_frame\_generator}},
}
