@article{attention_caption,
  author    = {Jonghwan Mun and
               Minsu Cho and
               Bohyung Han},
  title     = {Text-guided Attention Model for Image Captioning},
  journal   = {CoRR},
  volume    = {abs/1612.03557},
  year      = {2016},
  url       = {http://arxiv.org/abs/1612.03557},
  archivePrefix = {arXiv},
  eprint    = {1612.03557},
  timestamp = {Mon, 13 Aug 2018 16:46:33 +0200},
  biburl    = {https://dblp.org/rec/bib/journals/corr/MunCH16},
  bibsource = {dblp computer science bibliography, https://dblp.org}
}
@article{dcgan,
  author    = {Alec Radford and Luke Metz and Soumith Chintala},
  title     = {Unsupervised Representation Learning with Deep Convolutional Generative Adversarial Networks},
  journal   = {ICLR},
  year      = {2016},
  url       = {https://arxiv.org/abs/1511.06434},
  archivePrefix = {arXiv},
}
@article{deep_color,
  author = {He, Mingming and Chen, Dongdong and Liao, Jing and Sander, Pedro V. and Yuan, Lu},
  title = {Deep Exemplar-Based Colorization},
  year = {2018},
  issue_date = {August 2018},
  publisher = {Association for Computing Machinery},
  address = {New York, NY, USA},
  volume = {37},
  number = {4},
  issn = {0730-0301},
  url = {https://doi.org/10.1145/3197517.3201365},
  doi = {10.1145/3197517.3201365},
  journal = {ACM Trans. Graph.},
  month = jul,
  articleno = {Article 47},
  numpages = {16},
  keywords = {colorization, deep learning, vision for graphics, exemplar-based colorization}
}
@article{varigan,
  author    = {Bo Zhao and
               Xiao Wu and
               Zhi{-}Qi Cheng and
               Hao Liu and
               Jiashi Feng},
  title     = {Multi-View Image Generation from a Single-View},
  journal   = {CoRR},
  volume    = {abs/1704.04886},
  year      = {2017},
  url       = {http://arxiv.org/abs/1704.04886},
  archivePrefix = {arXiv},
  eprint    = {1704.04886},
  timestamp = {Mon, 13 Aug 2018 16:47:29 +0200},
  biburl    = {https://dblp.org/rec/bib/journals/corr/ZhaoWCLF17},
  bibsource = {dblp computer science bibliography, https://dblp.org}
}

@incollection{leica,
  title     = {Learn, Imagine and Create: Text-to-Image Generation from Prior Knowledge},
  author    = {Qiao, Tingting and Zhang, Jing and Xu, Duanqing and Tao, Dacheng},
  booktitle = {Advances in Neural Information Processing Systems 32},
  pages     = {885--895},
  year      = {2019}
}