@book{deep_video_prediction,
 author     = {Michael Mathieu, Camille Couprie, Yann LeCun},
 year       = {2016},
 title      = {Deep Multi-Scale Video Prediction Beyond Mean Square Error},
 publisher  = {ICLR},
}
@article{article_reference,
 author     = {Author},
 title      = {Title},
 journal    = {Journal},
 year       = {Year},
 volume     = {Vol},
 number     = {NUM},
 pages      = {Pages, ex:"NUM:1--NUM:64"},
 month      = jan,
 issn       = {ISSN},
 url        = {DOI URL},
 doi        = {DOI},
}
@inproceedings{Goodfellow:2014:GAN:2969033.2969125,
 author     = {Goodfellow, Ian J. and Pouget-Abadie, Jean and Mirza, Mehdi and Xu, Bing and Warde-Farley, David and Ozair, Sherjil and Courville, Aaron and Bengio, Yoshua},
 title      = {Generative Adversarial Nets},
 booktitle  = {Proceedings of the 27th International Conference on Neural Information Processing Systems - Volume 2},
 series     = {NIPS'14},
 year       = {2014},
 location   = {Montreal, Canada},
 pages      = {2672--2680},
 numpages   = {9},
 url        = {http://dl.acm.org/citation.cfm?id=2969033.2969125},
 acmid      = {2969125},
 publisher  = {MIT Press},
 address    = {Cambridge, MA, USA},
}
@inproceedings{pose_guided_image_generation,
 author     = {Ma, Liqian and Jia, Xu and Sun, Qianru and Schiele, Bernt and Tuytelaars, Tinne and Van Gool, Luc},
 title      = {Pose Guided Person Image Generation},
 booktitle  = {Proceedings of the 31st International Conference on Neural Information Processing Systems},
 series     = {NIPS'17},
 year       = {2017},
 isbn       = {978-1-5108-6096-4},
 location   = {Long Beach, California, USA},
 pages      = {405--415},
 numpages   = {11},
 url        = {http://dl.acm.org/citation.cfm?id=3294771.3294810},
 acmid      = {3294810},
 publisher  = {Curran Associates Inc.},
 address    = {USA},
} 
